<?xml version="1.0" encoding="UTF-8"?>
<record>
  <leader>01954nas a2200529#c 4500</leader>
  <controlfield tag="003">DE-605</controlfield>
  <controlfield tag="005">20250111213550.0</controlfield>
  <controlfield tag="007">cr||||||||||||</controlfield>
  <controlfield tag="008">111010c20099999gw u||p|o ||| 0||||1ger c</controlfield>
  <controlfield tag="001">990188958320206441</controlfield>
  <datafield tag="016" ind1="7" ind2=" ">
    <subfield code="a">2631594-4</subfield>
    <subfield code="2">DE-600</subfield>
  </datafield>
  <datafield tag="016" ind1="7" ind2=" ">
    <subfield code="a">1015928633</subfield>
    <subfield code="2">DE-101</subfield>
  </datafield>
  <datafield tag="024" ind1="7" ind2=" ">
    <subfield code="a">urn:nbn:de:hbz:6:2-8709</subfield>
    <subfield code="2">urn</subfield>
  </datafield>
  <datafield tag="035" ind1=" " ind2=" ">
    <subfield code="a">(DE-600)2631594-4</subfield>
  </datafield>
  <datafield tag="040" ind1=" " ind2=" ">
    <subfield code="a">0006</subfield>
    <subfield code="b">ger</subfield>
    <subfield code="c">DE-101</subfield>
    <subfield code="d">9001</subfield>
  </datafield>
  <datafield tag="041" ind1=" " ind2=" ">
    <subfield code="a">ger</subfield>
  </datafield>
  <datafield tag="044" ind1=" " ind2=" ">
    <subfield code="c">XA-DE</subfield>
  </datafield>
  <datafield tag="084" ind1=" " ind2=" ">
    <subfield code="a">Hagen</subfield>
    <subfield code="0">https://nwbib.de/spatial#Q257474</subfield>
    <subfield code="2">nwbib</subfield>
  </datafield>
  <datafield tag="084" ind1=" " ind2=" ">
    <subfield code="a">Öffentliche Unternehmen</subfield>
    <subfield code="0">https://nwbib.de/subjects#N548300</subfield>
    <subfield code="2">nwbib</subfield>
  </datafield>
  <datafield tag="084" ind1=" " ind2=" ">
    <subfield code="a">330</subfield>
    <subfield code="a">650</subfield>
    <subfield code="a">310</subfield>
    <subfield code="q">DE-600</subfield>
    <subfield code="2">sdnb</subfield>
  </datafield>
  <datafield tag="110" ind1="1" ind2=" ">
    <subfield code="a">Hagen</subfield>
    <subfield code="0">(DE-588)4022917-8</subfield>
    <subfield code="4">aut</subfield>
    <subfield code="0">https://d-nb.info/gnd/040229173</subfield>
    <subfield code="0">http://viaf.org/viaf/153002305</subfield>
    <subfield code="B">GND-040229173</subfield>
  </datafield>
  <datafield tag="245" ind1="1" ind2="0">
    <subfield code="a">Beteiligungsbericht / Stadt Hagen</subfield>
    <subfield code="c">Hrsg.: Stadt Hagen, Der Oberbürgermeister</subfield>
  </datafield>
  <datafield tag="247" ind1="0" ind2="0">
    <subfield code="a">Beteiligungsbericht ... der Stadt Hagen</subfield>
    <subfield code="f">Hauptsacht. bis 2009</subfield>
  </datafield>
  <datafield tag="264" ind1="3" ind2="1">
    <subfield code="a">Hagen</subfield>
    <subfield code="b">[Verlag nicht ermittelbar]</subfield>
    <subfield code="c">2009-</subfield>
  </datafield>
  <datafield tag="300" ind1=" " ind2=" ">
    <subfield code="a">Online-Ressource</subfield>
  </datafield>
  <datafield tag="336" ind1=" " ind2=" ">
    <subfield code="b">txt</subfield>
  </datafield>
  <datafield tag="337" ind1=" " ind2=" ">
    <subfield code="b">c</subfield>
  </datafield>
  <datafield tag="338" ind1=" " ind2=" ">
    <subfield code="b">cr</subfield>
  </datafield>
  <datafield tag="362" ind1="0" ind2=" ">
    <subfield code="a">Nachgewiesen 2007(2009) - 2008(2010); 2009(2010); 2010(2012) -</subfield>
  </datafield>
  <datafield tag="363" ind1="0" ind2="0">
    <subfield code="8">1.1\x</subfield>
    <subfield code="i">2007</subfield>
  </datafield>
  <datafield tag="363" ind1="1" ind2="0">
    <subfield code="8">1.2\x</subfield>
    <subfield code="i">2008</subfield>
  </datafield>
  <datafield tag="363" ind1="0" ind2="1">
    <subfield code="8">2.1\x</subfield>
    <subfield code="i">2009</subfield>
  </datafield>
  <datafield tag="689" ind1="0" ind2="0">
    <subfield code="a">Hagen</subfield>
    <subfield code="D">g</subfield>
    <subfield code="0">(DE-588)4022917-8</subfield>
    <subfield code="B">GND-040229173</subfield>
  </datafield>
  <datafield tag="689" ind1="0" ind2="1">
    <subfield code="a">Unternehmensbeteiligung</subfield>
    <subfield code="D">s</subfield>
    <subfield code="0">(DE-588)4140723-4</subfield>
    <subfield code="B">GND-041407237</subfield>
  </datafield>
  <datafield tag="689" ind1="0" ind2="2">
    <subfield code="a">Bericht</subfield>
    <subfield code="A">f</subfield>
  </datafield>
  <datafield tag="689" ind1="0" ind2="3">
    <subfield code="a">Online-Publikation</subfield>
    <subfield code="A">f</subfield>
  </datafield>
  <datafield tag="689" ind1="0" ind2=" ">
    <subfield code="5">DE-6</subfield>
    <subfield code="5">DE-605</subfield>
  </datafield>
  <datafield tag="035" ind1=" " ind2=" ">
    <subfield code="a">(DE-599)ZDB2631594-4</subfield>
  </datafield>
  <datafield tag="035" ind1=" " ind2=" ">
    <subfield code="a">(OCoLC)1368489876</subfield>
  </datafield>
  <datafield tag="035" ind1=" " ind2=" ">
    <subfield code="a">(DE-101)1015928633</subfield>
  </datafield>
  <datafield tag="960" ind1="1" ind2=" ">
    <subfield code="n">NWBib-6</subfield>
  </datafield>
  <datafield tag="960" ind1="1" ind2=" ">
    <subfield code="z">lzZDB</subfield>
  </datafield>
  <datafield tag="960" ind1="1" ind2=" ">
    <subfield code="r">epfl-6</subfield>
  </datafield>
  <datafield tag="856" ind1="4" ind2="0">
    <subfield code="u">https://nbn-resolving.org/urn:nbn:de:hbz:6:2-8709</subfield>
    <subfield code="x">Resolving-System</subfield>
  </datafield>
  <datafield tag="856" ind1="4" ind2=" ">
    <subfield code="u">http://www.hagen.de/web/de/webseiten/fbob/fbob_03/FBOB-03.html?themeName=sap_tradeshow&amp;themePath=/irj/portalapps/com.sap.portal.design.portaldesigndata/themes/portal&amp;browserMapping=ie6&amp;cmcall=true&amp;</subfield>
    <subfield code="x">Verlag</subfield>
    <subfield code="z">kostenfrei</subfield>
  </datafield>
  <datafield tag="655" ind1=" " ind2="7">
    <subfield code="a">Zeitschrift</subfield>
    <subfield code="0">(DE-588)4067488-5</subfield>
    <subfield code="2">gnd-content</subfield>
  </datafield>
  <datafield tag="655" ind1=" " ind2="7">
    <subfield code="a">Bericht</subfield>
    <subfield code="0">(DE-588)4128022-2</subfield>
    <subfield code="2">gnd-content</subfield>
  </datafield>
  <datafield tag="MBD" ind1=" " ind2=" ">
    <subfield code="M">49HBZ_NETWORK</subfield>
    <subfield code="i">990188958320206441</subfield>
    <subfield code="n">HBZ Network</subfield>
  </datafield>
  <datafield tag="MBD" ind1=" " ind2=" ">
    <subfield code="M">49HBZ_ULM</subfield>
    <subfield code="i">991044950501906449</subfield>
    <subfield code="n">Universität Münster</subfield>
  </datafield>
  <datafield tag="MNG" ind1=" " ind2=" ">
    <subfield code="c">System</subfield>
    <subfield code="f">HBZ</subfield>
    <subfield code="i">marc21</subfield>
    <subfield code="h">20250111213550.0</subfield>
    <subfield code="l">69</subfield>
    <subfield code="k">01</subfield>
    <subfield code="e">false</subfield>
    <subfield code="d">2025-12-12 17:45:39 Europe/Berlin</subfield>
    <subfield code="g">018895832-HBZ01</subfield>
    <subfield code="j">90</subfield>
    <subfield code="a">import</subfield>
    <subfield code="b">2021-04-05 18:55:06 Europe/Berlin</subfield>
  </datafield>
  <datafield tag="POR" ind1=" " ind2=" ">
    <subfield code="j">LIzenzfreie Zeitschriften</subfield>
    <subfield code="x">System</subfield>
    <subfield code="a">53950480840006441</subfield>
    <subfield code="M">49HBZ_NETWORK</subfield>
    <subfield code="p">61738769100006441</subfield>
    <subfield code="q">Lizenzfreie Zeitschriften - Lizenzfreie E-Ressourcen der ZDB (lzzdb)</subfield>
    <subfield code="c">static</subfield>
    <subfield code="B">Selektionskennzeichen: lzzdb
NZ Phase 1 – Wave 1: NZ-P2E</subfield>
    <subfield code="A">49HBZ_DUE</subfield>
    <subfield code="A">49HBZ_ULB</subfield>
    <subfield code="A">49HBZ_UDE</subfield>
    <subfield code="A">49HBZ_UBK</subfield>
    <subfield code="y">2025-12-12 17:45:49 Europe/Berlin</subfield>
    <subfield code="w">2025-12-12 17:45:46 Europe/Berlin</subfield>
    <subfield code="D">https://eu04.alma.exlibrisgroup.com/view/uresolver/49HBZ_NETWORK/openurl?u.ignore_date_coverage=true&amp;portfolio_pid=53950480840006441&amp;Force_direct=true</subfield>
    <subfield code="v">System</subfield>
    <subfield code="z">2025-12-12 16:45:46</subfield>
    <subfield code="i">false</subfield>
    <subfield code="S">62738769090006441</subfield>
    <subfield code="d">https://hbz-network.userservices.exlibrisgroup.com/view/uresolver/49HBZ_NETWORK/openurl?u.ignore_date_coverage=true&amp;rft.mms_id=990188958320206441</subfield>
    <subfield code="b">Available</subfield>
    <subfield code="f">JOURNAL</subfield>
    <subfield code="e">http://www.hagen.de/web/de/webseiten/fbob/fbob_03/FBOB-03.html?themeName=sap_tradeshow%26themePath=/irj/portalapps/com.sap.portal.design.portaldesigndata/themes/portal%26browserMapping=ie6%26cmcall=true%26</subfield>
    <subfield code="8">53950480840006441</subfield>
  </datafield>
  <datafield tag="POR" ind1=" " ind2=" ">
    <subfield code="j">E-Pflicht VL</subfield>
    <subfield code="x">System</subfield>
    <subfield code="a">53943206830006441</subfield>
    <subfield code="M">49HBZ_NETWORK</subfield>
    <subfield code="p">61767498790006441</subfield>
    <subfield code="q">E-Pflicht - Westfalica electronica der ULB Münster (epfl-6)</subfield>
    <subfield code="c">static</subfield>
    <subfield code="B">Selektionskennzeichen: epfl-6
NZ Phase 1 - Wave 2: NZ-P2E</subfield>
    <subfield code="A">49HBZ_ULB</subfield>
    <subfield code="A">49HBZ_ULM</subfield>
    <subfield code="A">49HBZ_UBO</subfield>
    <subfield code="y">2025-11-28 16:14:43 Europe/Berlin</subfield>
    <subfield code="w">2025-11-28 16:14:37 Europe/Berlin</subfield>
    <subfield code="D">https://eu04.alma.exlibrisgroup.com/view/uresolver/49HBZ_NETWORK/openurl?u.ignore_date_coverage=true&amp;portfolio_pid=53943206830006441&amp;Force_direct=true</subfield>
    <subfield code="v">System</subfield>
    <subfield code="z">2025-11-28 15:14:37</subfield>
    <subfield code="i">false</subfield>
    <subfield code="S">62767498780006441</subfield>
    <subfield code="d">https://hbz-network.userservices.exlibrisgroup.com/view/uresolver/49HBZ_NETWORK/openurl?u.ignore_date_coverage=true&amp;rft.mms_id=990188958320206441</subfield>
    <subfield code="b">Available</subfield>
    <subfield code="f">BOOK</subfield>
    <subfield code="e">https://nbn-resolving.org/urn:nbn:de:hbz:6:2-8709</subfield>
    <subfield code="8">53943206830006441</subfield>
  </datafield>
  <datafield tag="POR" ind1=" " ind2=" ">
    <subfield code="j">E-Pflicht VL</subfield>
    <subfield code="x">System</subfield>
    <subfield code="a">53943206810006441</subfield>
    <subfield code="M">49HBZ_NETWORK</subfield>
    <subfield code="p">61767498790006441</subfield>
    <subfield code="q">E-Pflicht - Westfalica electronica der ULB Münster (epfl-6)</subfield>
    <subfield code="c">static</subfield>
    <subfield code="B">Selektionskennzeichen: epfl-6
NZ Phase 1 - Wave 2: NZ-P2E</subfield>
    <subfield code="A">49HBZ_ULB</subfield>
    <subfield code="A">49HBZ_ULM</subfield>
    <subfield code="A">49HBZ_UBO</subfield>
    <subfield code="y">2025-11-28 16:14:43 Europe/Berlin</subfield>
    <subfield code="w">2025-11-28 16:14:37 Europe/Berlin</subfield>
    <subfield code="D">https://eu04.alma.exlibrisgroup.com/view/uresolver/49HBZ_NETWORK/openurl?u.ignore_date_coverage=true&amp;portfolio_pid=53943206810006441&amp;Force_direct=true</subfield>
    <subfield code="v">System</subfield>
    <subfield code="z">2025-11-28 15:14:37</subfield>
    <subfield code="i">false</subfield>
    <subfield code="S">62767498780006441</subfield>
    <subfield code="d">https://hbz-network.userservices.exlibrisgroup.com/view/uresolver/49HBZ_NETWORK/openurl?u.ignore_date_coverage=true&amp;rft.mms_id=990188958320206441</subfield>
    <subfield code="b">Available</subfield>
    <subfield code="f">BOOK</subfield>
    <subfield code="e">http://www.hagen.de/web/de/webseiten/fbob/fbob_03/FBOB-03.html?themeName=sap_tradeshow%26themePath=/irj/portalapps/com.sap.portal.design.portaldesigndata/themes/portal%26browserMapping=ie6%26cmcall=true%26</subfield>
    <subfield code="8">53943206810006441</subfield>
  </datafield>
  <datafield tag="POR" ind1=" " ind2=" ">
    <subfield code="x">System</subfield>
    <subfield code="a">53673861030006449</subfield>
    <subfield code="M">49HBZ_ULM</subfield>
    <subfield code="c">static</subfield>
    <subfield code="y">2023-08-14 11:04:58 Europe/Berlin</subfield>
    <subfield code="w">2023-08-14 11:01:41 Europe/Berlin</subfield>
    <subfield code="D">https://eu04.alma.exlibrisgroup.com/view/uresolver/49HBZ_NETWORK/openurl?u.ignore_date_coverage=true&amp;portfolio_pid=53673861030006449&amp;Force_direct=true</subfield>
    <subfield code="v">Acquisition (PO line POL-43016)</subfield>
    <subfield code="z">2023-08-14 09:04:54</subfield>
    <subfield code="i">false</subfield>
    <subfield code="g">ZB</subfield>
    <subfield code="t">POL-43016</subfield>
    <subfield code="S">52673861040006449</subfield>
    <subfield code="d">https://hbz-network.userservices.exlibrisgroup.com/view/uresolver/49HBZ_NETWORK/openurl?u.ignore_date_coverage=true&amp;rft.mms_id=991044950501906449</subfield>
    <subfield code="b">Available</subfield>
    <subfield code="f">JOURNAL</subfield>
    <subfield code="e">https://nbn-resolving.org/urn:nbn:de:hbz:6:2-8709</subfield>
    <subfield code="8">53673861030006449</subfield>
  </datafield>
  <datafield tag="H16" ind1="7" ind2=" ">
    <subfield code="a">2631594-4</subfield>
    <subfield code="2">DE-600</subfield>
    <subfield code="8">22658672860006449</subfield>
  </datafield>
  <datafield tag="H35" ind1=" " ind2=" ">
    <subfield code="a">(DE-600)214936430</subfield>
    <subfield code="8">22658672860006449</subfield>
  </datafield>
  <datafield tag="H92" ind1=" " ind2=" ">
    <subfield code="k">NRW</subfield>
    <subfield code="l">a</subfield>
    <subfield code="w">5</subfield>
    <subfield code="w">24</subfield>
    <subfield code="a">441000-2</subfield>
    <subfield code="8">22658672860006449</subfield>
  </datafield>
  <datafield tag="H52" ind1="8" ind2="1">
    <subfield code="b">ZB</subfield>
    <subfield code="c">ZB_ONL</subfield>
    <subfield code="h">Online</subfield>
    <subfield code="8">1</subfield>
    <subfield code="a">DE-6</subfield>
    <subfield code="8">22658672860006449</subfield>
  </datafield>
  <datafield tag="H56" ind1="4" ind2="0">
    <subfield code="u">https://nbn-resolving.de/urn:nbn:de:hbz:6:2-8709</subfield>
    <subfield code="8">22658672860006449</subfield>
  </datafield>
  <datafield tag="H59" ind1="0" ind2="0">
    <subfield code="8">1.1\x</subfield>
    <subfield code="i">2007</subfield>
    <subfield code="8">22658672860006449</subfield>
  </datafield>
  <datafield tag="H59" ind1="1" ind2="0">
    <subfield code="8">1.2\x</subfield>
    <subfield code="i">2008</subfield>
    <subfield code="8">22658672860006449</subfield>
  </datafield>
  <datafield tag="H59" ind1="0" ind2="0">
    <subfield code="8">2.1\x</subfield>
    <subfield code="i">2009</subfield>
    <subfield code="8">22658672860006449</subfield>
  </datafield>
  <datafield tag="H59" ind1="0" ind2="0">
    <subfield code="8">3.1\x</subfield>
    <subfield code="i">2010</subfield>
    <subfield code="8">22658672860006449</subfield>
  </datafield>
  <datafield tag="H59" ind1="0" ind2="0">
    <subfield code="8">4.1\x</subfield>
    <subfield code="i">2011</subfield>
    <subfield code="8">22658672860006449</subfield>
  </datafield>
  <datafield tag="H59" ind1="0" ind2="1">
    <subfield code="8">5.1\x</subfield>
    <subfield code="i">2012</subfield>
    <subfield code="8">22658672860006449</subfield>
  </datafield>
  <datafield tag="H66" ind1="3" ind2="0">
    <subfield code="a">2007(2009) - 2008(2010); 2009(2010); 2010(2011); 2011; 2012(2014) -</subfield>
    <subfield code="8">22658672860006449</subfield>
  </datafield>
  <datafield tag="HOL" ind1=" " ind2=" ">
    <subfield code="d">2024-02-16 17:46:45</subfield>
    <subfield code="8">22658672860006449</subfield>
    <subfield code="b">2023-06-29 09:06:13</subfield>
    <subfield code="M">49HBZ_ULM</subfield>
    <subfield code="g">false</subfield>
    <subfield code="a">exl_api</subfield>
    <subfield code="c">System</subfield>
  </datafield>
  <datafield tag="GSI" ind1="7" ind2=" ">
    <subfield code="a">4022917-8</subfield>
    <subfield code="0">http://d-nb.info/gnd/4022917-8</subfield>
    <subfield code="2">gnd</subfield>
    <subfield code="A">GND</subfield>
    <subfield code="B">GND-040229173</subfield>
    <subfield code="C">024</subfield>
  </datafield>
  <datafield tag="GSI" ind1="7" ind2=" ">
    <subfield code="a">2912621</subfield>
    <subfield code="2">geonames</subfield>
    <subfield code="A">GND</subfield>
    <subfield code="B">GND-040229173</subfield>
    <subfield code="C">024</subfield>
  </datafield>
  <datafield tag="GGN" ind1=" " ind2=" ">
    <subfield code="a">Hagen, Stadt der FernUniversität</subfield>
    <subfield code="A">GND</subfield>
    <subfield code="B">GND-040229173</subfield>
    <subfield code="C">451</subfield>
  </datafield>
  <datafield tag="GGN" ind1=" " ind2=" ">
    <subfield code="a">Hagen</subfield>
    <subfield code="g">Westfalen</subfield>
    <subfield code="A">GND</subfield>
    <subfield code="B">GND-040229173</subfield>
    <subfield code="C">451</subfield>
  </datafield>
  <datafield tag="GGN" ind1=" " ind2=" ">
    <subfield code="a">Hagen/Westfalen</subfield>
    <subfield code="A">GND</subfield>
    <subfield code="B">GND-040229173</subfield>
    <subfield code="C">451</subfield>
  </datafield>
  <datafield tag="GGN" ind1=" " ind2=" ">
    <subfield code="a">Stadt Hagen</subfield>
    <subfield code="A">GND</subfield>
    <subfield code="B">GND-040229173</subfield>
    <subfield code="C">451</subfield>
  </datafield>
  <datafield tag="GGN" ind1=" " ind2=" ">
    <subfield code="a">Hagen i.W.</subfield>
    <subfield code="A">GND</subfield>
    <subfield code="B">GND-040229173</subfield>
    <subfield code="C">451</subfield>
  </datafield>
  <datafield tag="GST" ind1=" " ind2=" ">
    <subfield code="a">Gesellschaftsbeteiligung</subfield>
    <subfield code="A">GND</subfield>
    <subfield code="B">GND-041407237</subfield>
    <subfield code="C">450</subfield>
  </datafield>
  <datafield tag="GST" ind1=" " ind2=" ">
    <subfield code="a">Beteiligung</subfield>
    <subfield code="x">Unternehmen</subfield>
    <subfield code="A">GND</subfield>
    <subfield code="B">GND-041407237</subfield>
    <subfield code="C">450</subfield>
  </datafield>
  <datafield tag="GSI" ind1="7" ind2=" ">
    <subfield code="a">4140723-4</subfield>
    <subfield code="0">http://d-nb.info/gnd/4140723-4</subfield>
    <subfield code="2">gnd</subfield>
    <subfield code="A">GND</subfield>
    <subfield code="B">GND-041407237</subfield>
    <subfield code="C">024</subfield>
  </datafield>
  <datafield tag="GSI" ind1="7" ind2=" ">
    <subfield code="a">4022917-8</subfield>
    <subfield code="0">http://d-nb.info/gnd/4022917-8</subfield>
    <subfield code="2">gnd</subfield>
    <subfield code="A">GND</subfield>
    <subfield code="B">GND-040229173</subfield>
    <subfield code="C">024</subfield>
  </datafield>
  <datafield tag="GSI" ind1="7" ind2=" ">
    <subfield code="a">2912621</subfield>
    <subfield code="2">geonames</subfield>
    <subfield code="A">GND</subfield>
    <subfield code="B">GND-040229173</subfield>
    <subfield code="C">024</subfield>
  </datafield>
  <datafield tag="GGN" ind1=" " ind2=" ">
    <subfield code="a">Hagen, Stadt der FernUniversität</subfield>
    <subfield code="A">GND</subfield>
    <subfield code="B">GND-040229173</subfield>
    <subfield code="C">451</subfield>
  </datafield>
  <datafield tag="GGN" ind1=" " ind2=" ">
    <subfield code="a">Hagen</subfield>
    <subfield code="g">Westfalen</subfield>
    <subfield code="A">GND</subfield>
    <subfield code="B">GND-040229173</subfield>
    <subfield code="C">451</subfield>
  </datafield>
  <datafield tag="GGN" ind1=" " ind2=" ">
    <subfield code="a">Hagen/Westfalen</subfield>
    <subfield code="A">GND</subfield>
    <subfield code="B">GND-040229173</subfield>
    <subfield code="C">451</subfield>
  </datafield>
  <datafield tag="GGN" ind1=" " ind2=" ">
    <subfield code="a">Stadt Hagen</subfield>
    <subfield code="A">GND</subfield>
    <subfield code="B">GND-040229173</subfield>
    <subfield code="C">451</subfield>
  </datafield>
  <datafield tag="GGN" ind1=" " ind2=" ">
    <subfield code="a">Hagen i.W.</subfield>
    <subfield code="A">GND</subfield>
    <subfield code="B">GND-040229173</subfield>
    <subfield code="C">451</subfield>
  </datafield>
</record>
